<record><leader>00000cas a22000007a 4500</leader><controlfield tag="001">10479815</controlfield><controlfield tag="008">840302d18691952pauwr ne      0   a0eng d</controlfield><datafield ind1=" " ind2=" " tag="010"><subfield code="a">sn 84026497 </subfield></datafield><datafield ind1=" " ind2=" " tag="040"><subfield code="a">NPU</subfield><subfield code="b">eng</subfield><subfield code="c">NPU</subfield><subfield code="d">NPX</subfield><subfield code="d">NPH</subfield><subfield code="d">DLC</subfield><subfield code="d">OCLCF</subfield><subfield code="d">DLC</subfield></datafield><datafield ind1="0" ind2=" " tag="022"><subfield code="a">2333-1550</subfield><subfield code="2">1</subfield></datafield><datafield ind1=" " ind2=" " tag="042"><subfield code="a">msc</subfield><subfield code="a">nsdp</subfield></datafield><datafield ind1=" " ind2=" " tag="043"><subfield code="a">n-us-pa</subfield></datafield><datafield ind1="0" ind2="0" tag="050"><subfield code="a">Newspaper</subfield></datafield><datafield ind1="0" ind2="0" tag="082"><subfield code="a">071</subfield><subfield code="2">23</subfield></datafield><datafield ind1="0" ind2=" " tag="130"><subfield code="a">Forest Republican (Tionesta, Pa.)</subfield></datafield><datafield ind1=" " ind2="4" tag="222"><subfield code="a">The Forest Republican</subfield><subfield code="b">(Tionesta, Pa. Print)</subfield></datafield><datafield ind1="1" ind2="4" tag="245"><subfield code="a">The Forest Republican.</subfield></datafield><datafield ind1=" " ind2=" " tag="260"><subfield code="a">Tionesta, Pa. :</subfield><subfield code="b">Ed. W. Smiley</subfield></datafield><datafield ind1=" " ind2=" " tag="300"><subfield code="a">v. ;</subfield><subfield code="c">57 cm.</subfield></datafield><datafield ind1=" " ind2=" " tag="310"><subfield code="a">Weekly</subfield></datafield><datafield ind1="1" ind2=" " tag="362"><subfield code="a">Began in Mar. 1869. Ceased in 1952?</subfield><subfield code="z">Cf. Salisbury, R.  Pa. newspapers.</subfield></datafield><datafield ind1=" " ind2=" " tag="500"><subfield code="a">"Republican," &lt;1876&gt;.</subfield></datafield><datafield ind1=" " ind2=" " tag="500"><subfield code="a">Editor: W.R. Dunn, &lt;1876&gt;.</subfield></datafield><datafield ind1=" " ind2=" " tag="530"><subfield code="a">Archived issues are available in digital format as part of the Library of Congress Chronicling America online collection.</subfield></datafield><datafield ind1=" " ind2=" " tag="580"><subfield code="a">Absorbed: Democratic vindicator. Cf. Salisbury, R.  Pa. newspapers.</subfield></datafield><datafield ind1=" " ind2=" " tag="580"><subfield code="a">Continued by: Forest press (Tionesta, Pa. : 1953). Cf. Salisbury, R.  Pa. newspapers.</subfield></datafield><datafield ind1=" " ind2=" " tag="588"><subfield code="a">Description based on: Vol. 2, no. 5 (Apr. 13, 1869).</subfield></datafield><datafield ind1=" " ind2="0" tag="651"><subfield code="a">Tionesta (Pa.)</subfield><subfield code="v">Newspapers.</subfield></datafield><datafield ind1=" " ind2="7" tag="651"><subfield code="a">Pennsylvania</subfield><subfield code="z">Tionesta.</subfield><subfield code="2">fast</subfield><subfield code="0">(OCoLC)fst01265657</subfield></datafield><datafield ind1=" " ind2="7" tag="655"><subfield code="a">Newspapers.</subfield><subfield code="2">fast</subfield><subfield code="0">(OCoLC)fst01423814</subfield></datafield><datafield ind1=" " ind2=" " tag="752"><subfield code="a">United States</subfield><subfield code="b">Pennsylvania</subfield><subfield code="c">Forest</subfield><subfield code="d">Tionesta.</subfield></datafield><datafield ind1="0" ind2="8" tag="776"><subfield code="i">Online version:</subfield><subfield code="t">Forest Republican (Tionesta, Pa. : Online)</subfield><subfield code="x">2333-1569</subfield><subfield code="w">(DLC)  2014218201</subfield><subfield code="w">(OCoLC)871398250</subfield></datafield><datafield ind1="0" ind2="0" tag="780"><subfield code="t">Bee (Tionesta, Pa.)</subfield><subfield code="w">(DLC)sn 87078319</subfield><subfield code="w">(OCoLC)15256273</subfield></datafield><datafield ind1="1" ind2="5" tag="780"><subfield code="t">Democratic vindicator</subfield><subfield code="w">(DLC)sn 87078478</subfield><subfield code="w">(OCoLC)15264750</subfield></datafield><datafield ind1="0" ind2="5" tag="780"><subfield code="t">Forest press (Tionesta, Pa. : 1867)</subfield><subfield code="w">(DLC)sn 86053993</subfield><subfield code="w">(OCoLC)14944176</subfield></datafield><datafield ind1="1" ind2="0" tag="785"><subfield code="t">Forest press (Tionesta, Pa. : 1953)</subfield><subfield code="w">(DLC)sn 85038423</subfield><subfield code="w">(OCoLC)12396468</subfield></datafield><datafield ind1="4" ind2="1" tag="856"><subfield code="u">http://www.loc.gov/chroniclingamerica/lccn/sn84026497/issues</subfield></datafield><datafield ind1="1" ind2=" " tag="029"><subfield code="a">AU@</subfield><subfield code="b">000025784315</subfield></datafield></record>